<collection xmlns="http://www.loc.gov/MARC21/slim">
<record>
  <leader>01071ncm0a22002171i 450 </leader>
  <controlfield tag="001">IT\ICCU\CNCE\044588</controlfield>
  <controlfield tag="005">20141119000000.0</controlfield>
  <datafield tag="100" ind1=" " ind2=" ">
    <subfield code="a">19990115d1553        0itac0103    ba</subfield>
  </datafield>
  <datafield tag="101" ind1=" " ind2=" ">
    <subfield code="a">ITA</subfield>
  </datafield>
  <datafield tag="102" ind1=" " ind2=" ">
    <subfield code="a">IT</subfield>
  </datafield>
  <datafield tag="200" ind1="1" ind2=" ">
    <subfield code="a">℗El ℗Primo libro de Diego Ortiz Tolletano nel qual si tratta delle glose sopra le cadenze et altre sorte de punti in la musica del violone. Nouamente posti in luce</subfield>
  </datafield>
  <datafield tag="210" ind1=" " ind2=" ">
    <subfield code="e">En Roma</subfield>
    <subfield code="g">por Valerio Dorico y Luis su hermano a X de Dezemb.</subfield>
    <subfield code="h">1553</subfield>
  </datafield>
  <datafield tag="215" ind1=" " ind2=" ">
    <subfield code="a">61, \1! c.</subfield>
    <subfield code="d">4ʻ obl</subfield>
  </datafield>
  <datafield tag="620" ind1=" " ind2=" ">
    <subfield code="a">IT</subfield>
    <subfield code="d">Roma</subfield>
  </datafield>
  <datafield tag="700" ind1=" " ind2="1">
    <subfield code="a">Ortiz,</subfield>
    <subfield code="b">Diego</subfield>
    <subfield code="3">IT\ICCU\CNCA\011736</subfield>
  </datafield>
  <datafield tag="712" ind1="0" ind2="0">
    <subfield code="a">Dorico, Valerio &amp; Dorico, Luigi</subfield>
    <subfield code="3">IT\ICCU\CNCT\000187</subfield>
    <subfield code="4">650</subfield>
  </datafield>
  <datafield tag="791" ind1="0" ind2="0">
    <subfield code="a">Dorico, Luigi</subfield>
    <subfield code="3">IT\ICCU\CNCT\000188</subfield>
    <subfield code="z">Dorico, Valerio &amp; Dorico, Luigi</subfield>
  </datafield>
  <datafield tag="801" ind1=" " ind2="3">
    <subfield code="a">IT</subfield>
    <subfield code="b">ICCU</subfield>
    <subfield code="c">20201114</subfield>
  </datafield>
  <datafield tag="899" ind1=" " ind2=" ">
    <subfield code="a">Museo Internazionale e Biblioteca della Musica. Bologna</subfield>
    <subfield code="1">BO0310</subfield>
    <subfield code="2">UBO BM</subfield>
  </datafield>
  <datafield tag="911" ind1=" " ind2=" ">
    <subfield code="a">Nel coloph.</subfield>
    <subfield code="9">IT\ICCU\CNCM\000564</subfield>
  </datafield>
  <datafield tag="921" ind1=" " ind2=" ">
    <subfield code="a">IT\ICCU\CNCM\000564</subfield>
    <subfield code="b">Pegaso colpisce con uno zoccolo la roccia da cui scaturisce una sorgente.</subfield>
    <subfield code="e">Invia virtuti nulla est via.</subfield>
    <subfield code="c">Z944</subfield>
    <subfield code="f">INVIAVIRTU</subfield>
    <subfield code="f">PEGASO FON</subfield>
    <subfield code="f">TE</subfield>
    <subfield code="g">1538-1553</subfield>
  </datafield>
</record>
</collection>
